<?xml version="1.0" encoding="UTF-8"?>
<collection xmlns:xsi="http://www.w3.org/2001/XMLSchema-instance" xsi:schemaLocation="http://www.loc.gov/MARC21/slim http://www.loc.gov/standards/marcxml/schema/MARC21slim.xsd" xmlns="http://www.loc.gov/MARC21/slim">
<record>
  <leader>01017cam a22002051  4500</leader>
  <controlfield tag="001">3068304</controlfield>
  <controlfield tag="003">NNC</controlfield>
  <controlfield tag="005">20140722153532.0</controlfield>
  <controlfield tag="008">010820s1890    ua            000 0 ara d</controlfield>
  <datafield tag="035" ind1=" " ind2=" ">
    <subfield code="a">(OCoLC)ocm47807246</subfield>
  </datafield>
  <datafield tag="035" ind1=" " ind2=" ">
    <subfield code="9">ATP0751CU</subfield>
  </datafield>
  <datafield tag="035" ind1=" " ind2=" ">
    <subfield code="a">(NNC)3068304</subfield>
  </datafield>
  <datafield tag="040" ind1=" " ind2=" ">
    <subfield code="a">ZCU</subfield>
    <subfield code="c">ZCU</subfield>
  </datafield>
  <datafield tag="099" ind1=" " ind2=" ">
    <subfield code="a">893.799</subfield>
    <subfield code="a">Q123</subfield>
  </datafield>
  <datafield tag="100" ind1="1" ind2=" ">
    <subfield code="a">Qarāfī, Aḥmad ibn Idrīs,</subfield>
    <subfield code="d">-1285.</subfield>
  </datafield>
  <datafield tag="245" ind1="1" ind2="0">
    <subfield code="a">Sharḥ tanqīh al-fuṣūl fī al-uṣūl,</subfield>
    <subfield code="c">li-Shihāb al-Dīn Abī al-ʻAbbās Aḥmad ibn Idrīs al-Qarāfī al-Māliki. Wa-bi-hāmishihī Sharḥ al-shaykh Aḥmad ibn Qāsim al-ʻUbādī al-Shāfiʻī ʻalā Sharḥ al-imām Jalāl al-Dīn Muḥammad ibn Aḥmad al-Maḥallī al-Shāfiʻī ʻalā al-Waraqāt fī al-uṣūl li-Imām al-Ḥaramayn ʻAbd al-Malik ibn ʻAbd Allāh al-Juwaynī al-Shafiʻī.</subfield>
  </datafield>
  <datafield tag="260" ind1=" " ind2=" ">
    <subfield code="a">Miṣr,</subfield>
    <subfield code="b">al-Maṭb. al-Khayrīyah,</subfield>
    <subfield code="c">1306 [1890]</subfield>
  </datafield>
  <datafield tag="300" ind1=" " ind2=" ">
    <subfield code="a">208 p. ;</subfield>
    <subfield code="c">29 cm.</subfield>
  </datafield>
  <datafield tag="650" ind1=" " ind2="0">
    <subfield code="a">Islamic law</subfield>
    <subfield code="x">Interpretation and construction</subfield>
    <subfield code="v">Early works to 1800.</subfield>
  </datafield>
  <datafield tag="955" ind1=" " ind2=" ">
    <subfield code="b">CU58867198</subfield>
    <subfield code="d">off,glx</subfield>
    <subfield code="e">893.799 Q123</subfield>
  </datafield>
</record>
</collection>